@article{indian,
	author = {Rizwan Iqbal, Masrah Azrifah Azmi Murad, Aida Mustapha, Payam Hassany Shariat Panahy and Nasim Khanahmadliravi},
	title = {An Experimental Study of Classification Algorithms for Crime Prediction},
	journaltitle = {Indian Journal of Science and Technology},
	date = {March 2013},
	year = {2013},
	month = {March},
	language = {English},
	volume = {6(3)},
	pages = {4219-4225},
	issn = {0974-6846},
	url = {http://52.172.159.94/index.php/indjst/article/download/31230/27028},
	urldate = {23.11.2017}
}
@article{forecast,
	author = {Jonathan J. Corcoran, Ian D. Wilson, J. Andrew Ware},
	title = {Predicting the geo-temporal variations of crime and disorder},
	journaltitle = {International Journal of Forecasting},
	date = {October-December 2003},
	year = {2003},
	month = {October-December},
	language = {English},
	volume = {19(4)},
	pages = {623-634},
	url = {http://www.sciencedirect.com/science/article/pii/S0169207003000955},
	urldate = {23.11.2017},
}
